[gd_scene load_steps=9 format=2]

[ext_resource path="res://GameObjects/Enemies/Enemy.tscn" type="PackedScene" id=1]
[ext_resource path="res://GameObjects/Enemies/StateMachine/Chase.gd" type="Script" id=2]
[ext_resource path="res://GameObjects/Enemies/StateMachine/FollowTrajectory.gd" type="Script" id=3]
[ext_resource path="res://GameObjects/Bullets/Trajectories/RandLinearTrajectory.gd" type="Script" id=4]
[ext_resource path="res://Graphics/circle.png" type="Texture" id=5]

[sub_resource type="Shader" id=1]

code = "shader_type canvas_item;

uniform vec2 collapsePoint = vec2(0.3, 0.3);

void fragment()
{
	float collapseTime = (1.0 +sin(TIME))/2.0;
	//COLOR = texture(TEXTURE, UV + normalize(UV - collapsePoint)*collapseTime);
}"

[sub_resource type="ShaderMaterial" id=2]

render_priority = 0
shader = SubResource( 1 )
shader_param/collapsePoint = null

[sub_resource type="CircleShape2D" id=3]

custom_solver_bias = 0.0
radius = 25.5389

[node name="BetterEnemy" instance=ExtResource( 1 )]

collision_mask = 0
_sections_unfolded = [ "Collision" ]

[node name="StateMachine" parent="." index="0"]

initialState = "FollowTrajectory"

[node name="Chase" type="Node2D" parent="StateMachine" index="1"]

script = ExtResource( 2 )
switchTimer = -1
nextStateTimer = "None"
snakeDistanceSwitch = -410
nextStateSnake = "FollowTrajectory"
baloonDistanceSwitch = 0
nextStateBaloon = "None"
chaseType = "Snake"
speed = 100.0

[node name="FollowTrajectory" type="Node2D" parent="StateMachine" index="2"]

script = ExtResource( 3 )
switchTimer = -1
nextStateTimer = "None"
snakeDistanceSwitch = 400
nextStateSnake = "Chase"
baloonDistanceSwitch = 0
nextStateBaloon = "None"
speed = 100.0

[node name="Trajectory" type="Node2D" parent="StateMachine/FollowTrajectory" index="0"]

script = ExtResource( 4 )
angle = 0.0

[node name="Sprite" type="Sprite" parent="." index="1"]

modulate = Color( 0.4, 0.498039, 1, 1 )
material = SubResource( 2 )
scale = Vector2( 0.4, 0.4 )
texture = ExtResource( 5 )
_sections_unfolded = [ "Material", "Transform", "Visibility" ]

[node name="CollisionShape2D" type="CollisionShape2D" parent="." index="2"]

visible = false
shape = SubResource( 3 )


